<?xml version="1.0" encoding="UTF-8"?><collection xmlns="http://www.loc.gov/MARC21/slim"><record><leader>00437nam--2200181-i-4500</leader><controlfield tag="001">000021305</controlfield><controlfield tag="002">20161230</controlfield><controlfield tag="005">20161230201034</controlfield><controlfield tag="008">060222s1000------------r-----000-0-ger-d</controlfield><datafield ind1=" " ind2=" " tag="040"><subfield code="a">IFIN-HH</subfield></datafield><datafield ind1=" " ind2=" " tag="041"><subfield code="a">ger</subfield></datafield><datafield ind1=" " ind2=" " tag="080"><subfield code="a">53(021)=3</subfield></datafield><datafield ind1="1" ind2=" " tag="100"><subfield code="a">Hamel, Georg</subfield></datafield><datafield ind1="1" ind2="0" tag="245"><subfield code="a">Theoretische mechanik</subfield><subfield code="c">Georg hamel</subfield></datafield><datafield ind1=" " ind2=" " tag="260"><subfield code="a">Berlin, Springer Verlag, 1949</subfield></datafield><datafield ind1=" " ind2=" " tag="300"><subfield code="a">XVI + 796 P</subfield></datafield><datafield ind1=" " ind2=" " tag="852"><subfield code="a">3236</subfield><subfield code="c">531</subfield></datafield><datafield ind1=" " ind2=" " tag="CAT"><subfield code="a">Sys</subfield><subfield code="c">20100513</subfield><subfield code="h">133251</subfield></datafield></record></collection>